@misc{bangdream_mygo,
    author = {{Sanzen-kai}},
    title = {{BanG Dream! It's MyGO!!!!!}},
    howpublished = {Anime series},
    year = {2023},
    note = {Directed by Koudai Kakimoto},
}

@misc{girls_band_cry,
    author = {{Toei Animation}},
    title = {{Girls Band Cry}},
    howpublished = {Anime series},
    year = {2024},
    note = {Directed by Kazuo Sakai},
}
